
<record>
  <leader>02471cam a22003618i 4500</leader>
  <controlfield tag="001">21352005</controlfield>
  <controlfield tag="005">20200103194148.0</controlfield>
  <controlfield tag="008">200103s2020    nyu      b    001 0 eng  </controlfield>
  <datafield tag="906" ind1=" " ind2=" ">
    <subfield code="a">0</subfield>
    <subfield code="b">ibc</subfield>
    <subfield code="c">orignew</subfield>
    <subfield code="d">1</subfield>
    <subfield code="e">ecip</subfield>
    <subfield code="f">20</subfield>
    <subfield code="g">y-gencatlg</subfield>
  </datafield>
  <datafield tag="925" ind1="0" ind2=" ">
    <subfield code="a">acquire</subfield>
    <subfield code="b">1 shelf copy</subfield>
    <subfield code="x">policy default</subfield>
  </datafield>
  <datafield tag="955" ind1=" " ind2=" ">
    <subfield code="b">2020-01-03</subfield>
    <subfield code="i">rf25 2020-01-03 to review</subfield>
  </datafield>
  <datafield tag="010" ind1=" " ind2=" ">
    <subfield code="a">  2019044268</subfield>
  </datafield>
  <datafield tag="020" ind1=" " ind2=" ">
    <subfield code="a">9780231192149</subfield>
    <subfield code="q">(cloth)</subfield>
  </datafield>
  <datafield tag="020" ind1=" " ind2=" ">
    <subfield code="a">9780231192156</subfield>
    <subfield code="q">(paperback)</subfield>
  </datafield>
  <datafield tag="020" ind1=" " ind2=" ">
    <subfield code="z">9780231549684</subfield>
    <subfield code="q">(ebook)</subfield>
  </datafield>
  <datafield tag="040" ind1=" " ind2=" ">
    <subfield code="a">DLC</subfield>
    <subfield code="b">eng</subfield>
    <subfield code="e">rda</subfield>
    <subfield code="c">DLC</subfield>
  </datafield>
  <datafield tag="042" ind1=" " ind2=" ">
    <subfield code="a">pcc</subfield>
  </datafield>
  <datafield tag="043" ind1=" " ind2=" ">
    <subfield code="a">xx</subfield>
  </datafield>
  <datafield tag="050" ind1="0" ind2="0">
    <subfield code="a">DS682</subfield>
  </datafield>
  <datafield tag="100" ind1="1" ind2=" ">
    <subfield code="a">CuUnjieng Aboitiz, Nicole,</subfield>
    <subfield code="e">author. (To be estab.)</subfield>
  </datafield>
  <datafield tag="245" ind1="1" ind2="0">
    <subfield code="a">Asian place, Filipino nation :</subfield>
    <subfield code="b">a global intellectual history of the Philippine Revolution, 1887-1912 /</subfield>
    <subfield code="c">Nicole CuUnjieng Aboitiz.</subfield>
  </datafield>
  <datafield tag="263" ind1=" " ind2=" ">
    <subfield code="a">2005</subfield>
  </datafield>
  <datafield tag="264" ind1=" " ind2="1">
    <subfield code="a">New York :</subfield>
    <subfield code="b">Columbia University Press,</subfield>
    <subfield code="c">[2020]</subfield>
  </datafield>
  <datafield tag="300" ind1=" " ind2=" ">
    <subfield code="a">pages cm.</subfield>
  </datafield>
  <datafield tag="336" ind1=" " ind2=" ">
    <subfield code="a">text</subfield>
    <subfield code="b">txt</subfield>
    <subfield code="2">rdacontent</subfield>
  </datafield>
  <datafield tag="337" ind1=" " ind2=" ">
    <subfield code="a">unmediated</subfield>
    <subfield code="b">n</subfield>
    <subfield code="2">rdamedia</subfield>
  </datafield>
  <datafield tag="338" ind1=" " ind2=" ">
    <subfield code="a">volume</subfield>
    <subfield code="b">nc</subfield>
    <subfield code="2">rdacarrier</subfield>
  </datafield>
  <datafield tag="490" ind1="0" ind2=" ">
    <subfield code="a">Columbia studies in international and global history</subfield>
  </datafield>
  <datafield tag="504" ind1=" " ind2=" ">
    <subfield code="a">Includes bibliographical references and index.</subfield>
  </datafield>
  <datafield tag="505" ind1="0" ind2=" ">
    <subfield code="a">A Transnational Turn-of-the-Century in Southeast Asia -- The Philippine Propaganda Movement Constructs &apos;Asia&apos; and the Malay Race, 1887- -- The Philippine Revolution Mobilizes &apos;Asia,&apos; 1892- -- The First Philippine Republic&apos;s Pan-Asian Emissary, 1898- -- The Afterlife of the Philippine Revolution in Pan-Asianism and the Region.</subfield>
  </datafield>
  <datafield tag="520" ind1=" " ind2=" ">
    <subfield code="a">&quot;This book reassesses the thought and impact of the Philippine Revolution (1896-1905), particularly in relation to the landscape of &quot;Asia,&quot; then newly reconceived in anti-imperial thought. This reassesment explains the Revolution&apos;s full historical role and place, illuminating an important transitional moment in Southeast Asian, imperial, and international history in the region, and reconnecting Philippine history to that of Southeast and East Asia at this pivotal moment of the birth of the Philippine nation. There were alternative visions of world order and of modernity, other than those offered by the West, and the legacies of these visions have lived on beyond this transnational moment of political and discursive experimentation&quot;--</subfield>
    <subfield code="c">Provided by publisher.</subfield>
  </datafield>
  <datafield tag="651" ind1=" " ind2="0">
    <subfield code="a">Philippines</subfield>
    <subfield code="x">History</subfield>
    <subfield code="y">Revolution, 1896-1898.</subfield>
  </datafield>
  <datafield tag="776" ind1="0" ind2="8">
    <subfield code="i">Online version:</subfield>
    <subfield code="a">CuUnjieng Aboitiz, Nicole.</subfield>
    <subfield code="t">Asian place, Filipino nation</subfield>
    <subfield code="d">New York : Columbia University Press, [2020]</subfield>
    <subfield code="z">9780231549684</subfield>
    <subfield code="w">(DLC) 2019044269</subfield>
  </datafield>
</record>