
<record>
  <leader>01678nam a22003375i 4500</leader>
  <controlfield tag="001">21352029</controlfield>
  <datafield tag="906" ind1=" " ind2=" ">
    <subfield code="a">0</subfield>
    <subfield code="b">ibc</subfield>
    <subfield code="c">origres</subfield>
    <subfield code="d">u</subfield>
    <subfield code="e">ncip</subfield>
    <subfield code="f">20</subfield>
    <subfield code="g">y-gencatlg</subfield>
  </datafield>
  <datafield tag="925" ind1="0" ind2=" ">
    <subfield code="a">acquire</subfield>
    <subfield code="b">1 shelf copy</subfield>
    <subfield code="x">policy default</subfield>
  </datafield>
  <datafield tag="955" ind1=" " ind2=" ">
    <subfield code="a">ve16 2020-01-03</subfield>
  </datafield>
  <controlfield tag="005">20200103193857.0</controlfield>
  <controlfield tag="008">190408s2019    bw            000 0 ruso </controlfield>
  <datafield tag="020" ind1=" " ind2=" ">
    <subfield code="a">9789857101313</subfield>
  </datafield>
  <datafield tag="035" ind1=" " ind2=" ">
    <subfield code="a">(RuMoEVIS)ev1266270B</subfield>
  </datafield>
  <datafield tag="040" ind1=" " ind2=" ">
    <subfield code="a">DLC</subfield>
    <subfield code="b">eng</subfield>
    <subfield code="c">DLC</subfield>
    <subfield code="e">rda</subfield>
  </datafield>
  <datafield tag="042" ind1=" " ind2=" ">
    <subfield code="a">pcc</subfield>
  </datafield>
  <datafield tag="245" ind1="0" ind2="0">
    <subfield code="a">Sovremennoe informat︠s︡ionnoe pole :</subfield>
    <subfield code="b">osobennosti funkt︠s︡ionirovanii︠a︡ i novye podkhody k sot︠s︡iologicheskomu issledovanii︠u︡ SMI : materialy vystupleniĭ uchastnikov III Belorusskogo mezhdunarodnogo mediaforuma &quot;Partnerstvo vo imi︠a︡ budushchego: t︠s︡ifrovai︠a︡ povestka dli︠a︡ mediaprostranstva&quot; T︠S︡entra sot︠s︡iologicheskikh i politicheskikh issledovaniĭ BGU /</subfield>
    <subfield code="c">Pod redakt︠s︡ieĭ A.V. Postalovskogo, D.G. Rotmana.</subfield>
  </datafield>
  <datafield tag="264" ind1=" " ind2="1">
    <subfield code="a">Minsk :</subfield>
    <subfield code="b">Polihrafkombinat im. I︠A︡. Kolasa,</subfield>
    <subfield code="c">2019.</subfield>
  </datafield>
  <datafield tag="300" ind1=" " ind2=" ">
    <subfield code="a">volume &lt;3 (135 pages)&gt; ;</subfield>
    <subfield code="c">20 cm.</subfield>
  </datafield>
  <datafield tag="336" ind1=" " ind2=" ">
    <subfield code="a">text</subfield>
    <subfield code="b">txt</subfield>
    <subfield code="2">rdacontent</subfield>
  </datafield>
  <datafield tag="337" ind1=" " ind2=" ">
    <subfield code="a">unmediated</subfield>
    <subfield code="b">n</subfield>
    <subfield code="2">rdamedia</subfield>
  </datafield>
  <datafield tag="338" ind1=" " ind2=" ">
    <subfield code="a">volume</subfield>
    <subfield code="b">nc</subfield>
    <subfield code="2">rdacarrier</subfield>
  </datafield>
  <datafield tag="490" ind1="0" ind2=" ">
    <subfield code="a">Belorusskiĭ mezhdunarodnyĭ mediaforum &quot;Partnerstvo vo imi︠a︡ budushchego: t︠s︡ifrovai︠a︡ povestka dli︠a︡ mediaprostranstva&quot; ;</subfield>
    <subfield code="v">3</subfield>
  </datafield>
  <datafield tag="653" ind1="0" ind2=" ">
    <subfield code="a">Belarus. Byelorussian S.S.R. White Russia.</subfield>
  </datafield>
  <datafield tag="653" ind1="0" ind2=" ">
    <subfield code="a">Communication. Mass media.</subfield>
  </datafield>
  <datafield tag="653" ind1="0" ind2=" ">
    <subfield code="a">Congresses and conferences.</subfield>
  </datafield>
  <datafield tag="653" ind1="0" ind2=" ">
    <subfield code="a">Science of language (Linguistics)</subfield>
  </datafield>
  <datafield tag="653" ind1="0" ind2=" ">
    <subfield code="a">Sociology (General)</subfield>
  </datafield>
  <datafield tag="700" ind1="1" ind2=" ">
    <subfield code="a">Postalovskiĭ, A. V.,</subfield>
    <subfield code="e">editor.</subfield>
  </datafield>
  <datafield tag="700" ind1="1" ind2=" ">
    <subfield code="a">Rotman, D. G.,</subfield>
    <subfield code="e">editor.</subfield>
  </datafield>
  <datafield tag="923" ind1=" " ind2=" ">
    <subfield code="d">20191220</subfield>
    <subfield code="n">10252732</subfield>
    <subfield code="s">RuMoEVIS</subfield>
  </datafield>
  <datafield tag="985" ind1=" " ind2=" ">
    <subfield code="e">VENDOR LOAD</subfield>
  </datafield>
</record>